{1:F01ASCBVNVXAXXX2020000335}{2:I940ASCBVNVXXXXXN}{4:
:20:ACB1234567890
:25:1234567890
:28C:335
:60F:D191201VND0,00
:61:191206C1000000,00NMSCNONREF2500
:86:IB NGUYEN THI LIEN NOP TU TM
:61:191210C4627000000,00NMSCNONREF2501
:86:.
:61:191211D15000,00NMSCNONREF2502
:86:CTY CP CONG NGHE VIINDOO??THU PHI CUNG UNG 01 CUON SEC??
:61:191212D200000000,00NMSCNONREF2503
:86:NGUYEN THI LIEN?031690582?RUT SEC AA 15063372??
:61:191220D500000000,00NMSCNONREF2504
:86:TRICH TK 1234567890 MO TK TG 6T LAI CUOI KY KHTN(TC) VND
:61:191220D500000000,00NMSCNONREF2505
:86:TRICH TK 1234567890 MO TK TG 6T LAI CUOI KY KHTN(TC) VND
:61:191220D500000000,00NMSCNONREF2506
:86:TRICH TK 1234567890 MO TK TG 6T LAI CUOI KY KHTN(TC) VND
:61:191220D500000000,00NMSCNONREF2507
:86:TRICH TK 1234567890 MO TK TG 6T LAI CUOI KY KHTN(TC) VND
:61:191220D500000000,00NMSCNONREF2508
:86:TRICH TK 1234567890 MO TK TG 1T LAI CUOI KY KHTN(TC) VND
:61:191220D500000000,00NMSCNONREF2509
:86:TRICH TK 1234567890 MO TK TG 1T LAI CUOI KY KHTN(TC) VND
:61:191220D500000000,00NMSCNONREF2510
:86:TRICH TK 1234567890 MO TK TG 1T LAI CUOI KY KHTN(TC) VND
:61:191220D500000000,00NMSCNONREF2511
:86:TRICH TK 1234567890 MO TK TG 1T LAI CUOI KY KHTN(TC) VND
:61:191220D3109000,00NMSCNONREF2512
:86:HBVIINDOO THANH TOAN CHU KY SO
:61:191220D10500,00NMSCNONREF2513
:86:THU PHI CHUYEN TIEN DICH VU HOME-BANKING
:61:191223D1500000,00NMSCNONREF2514
:86:.
:61:191223D15000,00NMSCNONREF2515
:86:Phi NTDT: Chuyen tien di VP KBNN HAI PHONG,so tien 1500000
:61:191223D8000000,00NMSCNONREF2516
:86:HBVIINDOO THANH TOAN BAO HIEM THANG 12/2019
:61:191223D10500,00NMSCNONREF2517
:86:THU PHI CHUYEN TIEN DICH VU HOME-BANKING
:61:191223D43100000,00NMSCNONREF2518
:86:HBVIINDOO THANH TOAN TIEN BAN GHE THEO HOA DON 0002184
:61:191223D10500,00NMSCNONREF2519
:86:THU PHI CHUYEN TIEN DICH VU HOME-BANKING
:61:191225D1200000,00NMSCNONREF2520
:86:HBVIINDOO THANH TOAN HOA DON 0025108
:61:191225D10500,00NMSCNONREF2521
:86:THU PHI CHUYEN TIEN DICH VU HOME-BANKING
:61:191225D120000,00NMSCNONREF2522
:86:HBVIINDOO THANH TOAN HOA DON 0025108 (LAN TRUOC THANH TOAN THIEU 
120K)
:61:191225D10500,00NMSCNONREF2523
:86:THU PHI CHUYEN TIEN DICH VU HOME-BANKING
:61:191225D26109600,00NMSCNONREF2524
:86:HBVIINDOO THANH TOAN HOA DON AA/19E0007773
:61:191225D14000,00NMSCNONREF2525
:86:THU PHI CHUYEN TIEN DICH VU HOME-BANKING
:61:191225C1031094,00NMSCNONREF2526
:86:??Lai nhap von?
:61:191226D6800000,00NMSCNONREF2527
:86:HBVIINDOO THANH TOAN HOA DON 18E0000434
:61:191226D14000,00NMSCNONREF2528
:86:THU PHI CHUYEN TIEN DICH VU HOME-BANKING
:61:191228D30000000,00NMSCNONREF2529
:86:HBCTY CP CONG NGHE VIINDOO VIINDOO TAM UNG HOP DONG MUA THIET BI 
VAN PHONG
:61:191228D150000000,00NMSCNONREF2530
:86:.
:62F:C191231VND158981994,00
-}